<?xml version="1.0" encoding="UTF-8"?>
<SOAP-ENV:Envelope xmlns:SOAP-ENV="http://schemas.xmlsoap.org/soap/envelope/" xmlns:of="http://oss.dbc.dk/ns/openformat" xmlns:ofo="http://oss.dbc.dk/ns/openformatoutput"><SOAP-ENV:Body><of:formatResponse><marc:record xmlns:marc="http://www.loc.gov/MARC21/slim"><leader>00000naa a22000000c 4500</leader><controlfield tag="001">870971:34903727</controlfield><controlfield tag="003">DKDLA</controlfield><controlfield tag="005">20111125183243.0</controlfield><controlfield tag="007">ta</controlfield><controlfield tag="008">111125s2011    dk |||||| ||| 00||udan||</controlfield><datafield ind1=" " ind2="0" tag="245"><subfield code="a">Virtual logic :</subfield><subfield code="b">number and imagination</subfield></datafield><datafield ind1=" " ind2=" " tag="300"><subfield code="a">S. 187-196</subfield></datafield><datafield ind1=" " ind2=" " tag="490"><subfield code="a">Rediscovering/reinventing Heinz von Foerster</subfield></datafield><datafield ind1="1" ind2=" " tag="700"><subfield code="a">Kauffmann, Louis H.</subfield></datafield></marc:record></of:formatResponse></SOAP-ENV:Body></SOAP-ENV:Envelope>
